<?xml version="1.0" encoding="UTF-8"?><collection xmlns="http://www.loc.gov/MARC21/slim"><record><leader>00368nam--2200145-i-4500</leader><controlfield tag="001">000017227</controlfield><controlfield tag="002">20161230</controlfield><controlfield tag="005">20161230201032</controlfield><controlfield tag="008">060222s1000------------r-----000-0-eng-d</controlfield><datafield ind1=" " ind2=" " tag="020"><subfield code="a">951-47-5</subfield></datafield><datafield ind1=" " ind2=" " tag="080"><subfield code="a">502.55</subfield></datafield><datafield ind1=" " ind2=" " tag="245"><subfield code="a">Marine aquaculture nd environment</subfield></datafield><datafield ind1=" " ind2=" " tag="260"><subfield code="a">Valtion Painatuskeskus Oy, Helsinki, 1991 126 P</subfield></datafield><datafield ind1=" " ind2=" " tag="700"><subfield code="a">Timo Makinen /S.A.</subfield></datafield><datafield ind1=" " ind2=" " tag="852"><subfield code="a">80167</subfield></datafield></record></collection>